 @misc{hartman_2013, title={Xbox One Virtual Keyboard}, url={http://www.matth-design.com/xbox-vk}, journal={Matthew Hartman}, author={Hartman, Matthew}, year={2013}, month={Dec}}